@article{dsh,
  title   = {Statistics of meteor streams},
  author  = {Southworth, R. B. and Hawkins, G. S.},
  journal = {Smithsonian Contributions to Astrophysics},
  volume  = {7},
  pages   = {261--285},
  year    = {1963}
}
@article{radiosurvey,
  title     = {A southern hemisphere radio survey of meteor streams},
  author    = {Nilsson, C. S.},
  journal   = {Australian Journal of Physics},
  volume    = {17},
  number    = {2},
  pages     = {205--256},
  year      = {1964},
  publisher = {CSIRO Publishing}
}
@article{remarks,
  title     = {Remarks on the meteor orbital similarity D-criterion},
  author    = {Jopek, T. J.},
  journal   = {Icarus},
  volume    = {106},
  number    = {2},
  pages     = {603--607},
  year      = {1993},
  publisher = {Elsevier}
}
@article{newapproach,
  title     = {Meteoroid stream identification: a new approach},
  author    = {Valsecchi, G. B. and Jopek, T. J. and Froeschl{\'e}, Cl.},
  journal   = {Monthly Notices of the Royal Astronomical Society},
  volume    = {304},
  number    = {4},
  pages     = {743--750},
  year      = {1999},
  publisher = {Blackwell Science Ltd Oxford, UK}
}
@article{galligan,
  title     = {Performance of the D-criteria in recovery of meteoroid stream orbits in a radar data set},
  author    = {Galligan, D. P.},
  journal   = {Monthly Notices of the Royal Astronomical Society},
  volume    = {327},
  number    = {2},
  pages     = {623--628},
  year      = {2001},
  publisher = {Blackwell Science Ltd Oxford, UK}
}
@article{cometassoc,
  title     = {A test of comet and meteor shower associations},
  author    = {Drummond, J. D.},
  journal   = {Icarus},
  volume    = {45},
  number    = {3},
  year      = {1981},
  publisher = {Elsevier Science BV},
  address   = {Amsterdam},
  issn      = {0019-1035},
  lccn      = {sn 97004514}
}
@article{ceplecha,
  title   = {Geometric, dynamic, orbital and photometric data on meteoroids from photographic fireball networks},
  author  = {Ceplecha, Z.},
  journal = {Bulletin of the Astronomical Institute of Czechoslovakia},
  volume  = {38},
  pages   = {222--234},
  year    = {1987}
}
@online{meteorastro,
  title   = {Definitions of terms in meteor astronomy},
  author  = {International Astronomical Union},
  year    = {2017},
  url     = {https://www.iau.org/static/science/scientific_bodies/commissions/f1/meteordefinitions_approved.pdf},
  urldate = {2024-03-25}
}
@book{astro,
  title     = {Obecná astronomie},
  author    = {Jandík, J. and Mikulášek, Z.},
  year      = {2022},
  month     = {12},
  publisher = {Přírodovědecká fakulta Masarykovy univerzity}
}
@article{singlebodymeteor,
  title   = {New Aspects in Single-Body meteor Physics},
  author  = {Pecina, P. and Ceplecha, Z.},
  journal = {Bulletin of the Astronomical Institute of Czechoslovakia},
  volume  = {34},
  number  = {2},
  pages   = {102--121},
  year    = {1983},
  month   = {3}
}
@online{glossary,
  title   = {Glossary},
  author  = {{National Aeronautics and Space Administration}},
  url     = {https://earthobservatory.nasa.gov/glossary},
  urldate = {2024-04-06}
}